%% This BibTeX bibliography file was created using BibDesk.
%% http://bibdesk.sourceforge.net/


%% Created for Marceau Lecomte at 2012-03-13 12:28:06 +0100 


%% Saved with string encoding Unicode (UTF-8) 



@misc{conduct,
	Author = {Innovations, Tibtech},
	Date-Added = {2012-03-10 17:12:15 +0000},
	Date-Modified = {2012-03-10 17:13:09 +0000},
	Howpublished = {http://www.tibtech.com/fr/conductivite.php},
	Keywords = {conducteur},
	Title = {Propri{\'e}t{\'e}s du cuivre et de ses alliages}}

@book{brown,
	Author = {Brown, R.},
	Date-Added = {2012-03-08 21:24:41 +0000},
	Date-Modified = {2012-03-13 11:28:05 +0000},
	Publisher = {Macmillan},
	Title = {Electricity \& Atomic Physics},
	Year = {1973}}

@misc{pedale,
	Author = {Leca, R.},
	Date-Added = {2011-12-18 14:45:33 +0000},
	Date-Modified = {2011-12-18 15:27:23 +0000},
	Howpublished = {http://www.culturestaps.com/},
	Journal = {Centre Universitaire Condorcet, Le Creusot},
	Title = {Biom{\'e}canique, Le p{\'e}dalage}}

@book{halti,
	Author = {Haelterman, Marc},
	Date-Added = {2011-12-18 13:56:47 +0000},
	Date-Modified = {2011-12-18 13:57:44 +0000},
	Publisher = {Presses Universitaires de Bruxelles},
	Title = {Physique G{\'e}n{\'e}rale},
	Year = {2011}}

@misc{guide,
	Author = {Postiaux, Nadine},
	Date-Added = {2011-12-17 15:01:00 +0000},
	Date-Modified = {2011-12-18 15:23:49 +0000},
	Howpublished = {http://bapp.ulb.ac.be/index/BAPPProjetsDocs.html},
	Title = {Guide BA1 2011-2012}}

@webpage{diminution,
	Annote = {de 1,29 {\`a} 0.201},
	Date-Added = {2011-12-17 09:32:10 +0000},
	Date-Modified = {2011-12-18 20:04:28 +0000},
	Keywords = {aimant},
	Title = {Field Strength of a Cylindrical Magnet},
	Bdsk-Url-1 = {http://www.arnoldmagnetics.com/Cylindrical_Magnet_Field_Strength_Calculation.aspx}}

@misc{supermagnette,
	Date-Added = {2011-12-17 09:13:18 +0000},
	Date-Modified = {2012-03-10 17:14:23 +0000},
	Howpublished = {http://www.supermagnete.be/},
	Keywords = {aimant},
	Month = {03},
	Title = {Site web de Supermagnete},
	Year = {2012}}

@misc{conductivite,
	Author = {NAUDOT, Pierre and ARNAUD, Dominique and BIAIS, Roger and BARBERY, Jean and FARGETTE, Bernard},
	Date-Added = {2011-12-08 18:53:20 +0000},
	Date-Modified = {2011-12-18 12:45:30 +0000},
	Howpublished = {http://www.techniques-ingenieur.fr/base-documentaire/materiaux-th11/proprietes-des-metaux-et-des-alliages-42357210/proprietes-du-cuivre-et-de-ses-alliages-m4640/},
	Keywords = {conducteur},
	Month = {04},
	Title = {Propri{\'e}t{\'e}s du cuivre et de ses alliages},
	Year = {1985}}

@misc{densit,
	Date-Added = {2011-12-08 18:32:28 +0000},
	Date-Modified = {2012-03-10 17:14:05 +0000},
	Howpublished = {http://www.supermagnete.be/fre/faq/flux},
	Keywords = {aimant},
	Month = {12},
	Title = {Densit{\'e} du flux magn{\'e}tique},
	Year = {2011}}

@book{Echt,
	Author = {Hecht, Eugene},
	Date-Added = {2011-11-13 23:02:48 +0000},
	Date-Modified = {2011-11-13 23:03:57 +0000},
	Publisher = {De Boeck},
	Title = {Physique},
	Year = {2006}}

@book{Bunet,
	Author = {Bunet, Paul},
	Date-Added = {2011-11-13 23:00:01 +0000},
	Date-Modified = {2011-12-17 09:28:26 +0000},
	Keywords = {foucault},
	Publisher = {Paris},
	Title = {Courants de Foucault, r{\'e}sistance effective en courant variable, effet Kelvin ou de peau, conducteurs uniques rectilignes, noyaux magn{\'e}tiques},
	Year = {1933}}

@book{Stoll,
	Author = {Stoll, L.},
	Date-Added = {2011-11-13 22:59:12 +0000},
	Date-Modified = {2011-12-17 09:28:47 +0000},
	Keywords = {foucault},
	Publisher = {Oxford University press},
	Title = {The analysis of eddy currents},
	Year = {1974}}

@book{Jouguet,
	Author = {JOUGUET, Mare},
	Date-Added = {2011-11-13 22:58:30 +0000},
	Date-Modified = {2011-12-17 09:28:18 +0000},
	Keywords = {foucault},
	Publisher = {Gauthier-Villars},
	Title = {Courants de Foucault: fours {\`a} induction},
	Year = {1944}}

@misc{TurriPoulin,
	Abstract = {Le corps humain produit constamment de l'{\'e}nergie (mouvements, respiration, chaleur{\ldots}), qui est 
renouvelable, gratuite, non polluante et de dur{\'e}e de vie {\'e}lev{\'e}e. L'id{\'e}e de r{\'e}cup{\'e}rer une partie de cette 
{\'e}nergie, m{\^e}me en faible quantit{\'e}, n'est pas nouvelle, mais conna{\^\i}t un regain d'int{\'e}r{\^e}t depuis la fin des 
ann{\'e}es 1990, avec l'explosion du march{\'e} des appareils {\'e}lectroniques portables. La conversion en {\'e}nergie 
{\'e}lectrique n{\'e}cessite une mise en {\oe}uvre sp{\'e}cifique aux ressources, aux solutions technologiques 
envisageables et aux besoins. Dans cet article, nous nous int{\'e}ressons aux dispositifs existants ou en cours 
d'{\'e}tude exploitant l'{\'e}nergie des mouvements humains. },
	Author = {TURRI, Sylvie and POULIN, Guylaine},
	Date-Added = {2011-11-13 22:51:57 +0000},
	Date-Modified = {2011-12-18 12:46:30 +0000},
	Howpublished = {http://webtice.ac-guyane.fr/lgdamascpge/IMG/pdf/NRJcorps.pdf},
	Keywords = {ergo},
	Month = {Mars},
	Title = {Dispositifs {\'e}lectrom{\'e}caniques permettant l'exploitation de l'{\'e}nergie des mouvements humains},
	Year = {2001}}

@book{Erometreassis,
	Author = {Reiser, RF and Peterson, ML and Broker, JP},
	Date-Added = {2011-11-13 20:42:57 +0000},
	Date-Modified = {2011-12-18 15:34:12 +0000},
	Keywords = {ergo},
	Publisher = {Biomed Sci Instrum},
	Read = {0},
	Title = {Understanding recumbent cycling: instrumentation design and biomechanical analysis},
	Year = {2002}}
